
@article{VanLanckerPavolini2023,
	title = {Understanding the immigrant-native gap in childcare use: An empirical exploration for 21 European countries},
	author = {Van Lancker, Wim and Pavolini, Emmanuele},
	year = {2023},
	month = {02},
	date = {2023-02},
	journal = {Acta Sociologica},
	pages = {74{\textendash}95},
	volume = {66},
	number = {1},
	doi = {10.1177/00016993221102506},
	note = {Citation Key: VanLanckerPavolini2023},
	langid = {english}
}

@article{janssens2022,
	title = {To take or not to take? An overview of the factors contributing to the non-take-up of public provisions},
	author = {Janssens, Julie and Van Mechelen, Natascha},
	year = {2022},
	month = {06},
	date = {2022-06},
	journal = {European Journal of Social Security},
	pages = {95--116},
	volume = {24},
	number = {2},
	doi = {10.1177/13882627221106800},
	url = {https://journals.sagepub.com/doi/10.1177/13882627221106800},
	langid = {en}
}

@article{SteinbergKleinert2022,
	title = {Timing of early childcare take-up in Germany: An application of rational choice theory},
	author = {Steinberg, Hannah Sinja and Kleinert, Corinna},
	year = {2022},
	date = {2022},
	journal = {Journal of Marriage and Family},
	pages = {840--859},
	volume = {84},
	number = {3},
	doi = {10.1111/jomf.12825},
	url = {https://onlinelibrary.wiley.com/doi/abs/10.1111/jomf.12825},
	note = {{\_}eprint: https://onlinelibrary.wiley.com/doi/pdf/10.1111/jomf.12825
Citation Key: SteinbergKleinert2022},
	langid = {en}
}

@article{EremenkoUnterreiner,
	title = {Childcare arrangements among immigrant families in France: the role of socio-economic resources, migratory background and public policies},
	author = {Eremenko, Tatiana and Unterreiner, Anne},
	pages = {27},
	note = {Citation Key: EremenkoUnterreiner},
	langid = {en}
}

@article{HerbautGeven2020a,
	title = {What works to reduce inequalities in higher education? A systematic review of the (quasi-)experimental literature on outreach and financial aid},
	author = {Herbaut, Estelle and Geven, Koen},
	year = {2020},
	month = {02},
	date = {2020-02},
	journal = {Research in Social Stratification and Mobility},
	pages = {100442},
	volume = {65},
	doi = {10.1016/j.rssm.2019.100442},
	url = {https://linkinghub.elsevier.com/retrieve/pii/S0276562419300770},
	note = {Citation Key: HerbautGeven2020a},
	langid = {en}
}

@article{CarbucciaEtAl2022a,
	title = {Unequal access to early childcare: What role do cognitive and behavioral factors play? A PRISMA systematic review},
	author = {Carbuccia, Laudine and Thouzeau, Valentin and Barone, Carlo and Chevallier, Coralie},
	year = {2022},
	month = {06},
	date = {2022-06},
	doi = {10.31234/osf.io/r8a4k},
	note = {Citation Key: CarbucciaEtAl2022a
DOI: 10.31234/osf.io/r8a4k},
	langid = {american}
}
